@BOOK{sochor,
	author = "Antonín Sochor",
	title = "Klasická matematická logika",
	publisher = "Praha: Univerzita Karlova v Praze",
	year = "2001",
	isbn = 80-246-0218-0
}

@BOOK{logika,
	author = "Vítězslav Švejdar",
	title = "Logika: neúplnost, složitost a nutnost ",
	publisher = "Praha: Academia",
	year = "2002",
	isbn = 80-200-1005-X
}
